@article{carlson2019safe,
  title={Safe artificial general intelligence via distributed ledger technology},
  author={Carlson, Kristen W},
  journal={Big Data and Cognitive Computing},
  volume={3},
  number={3},
  pages={40},
  year={2019},
  publisher={MDPI}
}
@article{noMoat,
    title = {Google "We Have No Moat, And Neither Does OpenAI"},
    url = {https://www.semianalysis.com/p/google-we-have-no-moat-and-neither},
    author = {Patel, Dylan and Ahmad, Afzal},
    year = {2023},
    day = {4},
    month = {May},
    publisher = {SemiAnalysis}
}
@article{hayek1945use,
  title = {The use of knowledge in society},
  author = {Hayek, Friedrich August},
  journal = {The American economic review},
  volume = {35},
  number = {4},
  pages = {519--530},
  year = {1945},
  publisher = {JSTOR}
}
@book{rawls2020theory,
  title={A theory of justice: Revised edition},
  author={Rawls, John},
  year={2020},
  publisher={Harvard university press}
}
@article{jobIsSafe,
    title = {Your job is (probably) safe from artificial intelligence},
    publisher = {The Economist},
    year = {2023},
    month = {May},
    day = {7},
    url = {https://www.economist.com/finance-and-economics/2023/05/07/your-job-is-probably-safe-from-artificial-intelligence}
}
@article{Bubeck2023SparksOA,
  title={Sparks of Artificial General Intelligence: Early experiments with GPT-4},
  author={S{\'e}bastien Bubeck and Varun Chandrasekaran and Ronen Eldan and John A. Gehrke and Eric Horvitz and Ece Kamar and Peter Lee and Yin Tat Lee and Yuan-Fang Li and Scott M. Lundberg and Harsha Nori and Hamid Palangi and Marco Tulio Ribeiro and Yi Zhang},
  journal={ArXiv},
  year={2023},
  volume={abs/2303.12712}
}
@article{goodfellow2014qualitatively,
  title={Qualitatively characterizing neural network optimization problems},
  author={Goodfellow, Ian J and Vinyals, Oriol and Saxe, Andrew M},
  journal={arXiv preprint arXiv:1412.6544},
  year={2014}
}